
@online{noauthor_railway_nodate,
	title = {Railway Track Fault Detection {\textbar} Kaggle},
	url = {https://www.kaggle.com/datasets/salmaneunus/railway-track-fault-detection},
	urldate = {2022-12-22},
}

@online{noauthor_kaggle_nodate,
	title = {Kaggle: Your Home for Data Science},
	url = {https://www.kaggle.com/},
	urldate = {2022-12-22},
}
